{
  "leader": "03404cam  2200709   4500",
  "fields": [
    {
      "001": "ocm01055678\\"
    },
    {
      "003": "OCoLC"
    },
    {
      "005": "20211115143416.0"
    },
    {
      "008": "740913s1974\\\\\\\\nyua\\\\\\\\\\bc\\\\\\000\\0\\eng\\\\"
    },
    {
      "010": {
        "ind1": "\\",
        "ind2": "\\",
        "subfields": [
          {
            "a": "   74076746 "
          }
        ]
      }
    },
    {
      "040": {
        "ind1": "\\",
        "ind2": "\\",
        "subfields": [
          {
            "a": "DLC"
          },
          {
            "b": "eng"
          },
          {
            "c": "DLC"
          },
          {
            "d": "BAKER"
          },
          {
            "d": "BTCTA"
          },
          {
            "d": "NIALS"
          },
          {
            "d": "YDXCP"
          },
          {
            "d": "GBVCP"
          },
          {
            "d": "OCLCO"
          },
          {
            "d": "OCLCA"
          },
          {
            "d": "OCLCQ"
          },
          {
            "d": "OCLCO"
          },
          {
            "d": "OCLCA"
          },
          {
            "d": "OCLCF"
          },
          {
            "d": "DEBSZ"
          },
          {
            "d": "OCLCQ"
          },
          {
            "d": "OCLCO"
          },
          {
            "d": "OCLCA"
          },
          {
            "d": "NLC"
          },
          {
            "d": "XFF"
          },
          {
            "d": "OCLCQ"
          },
          {
            "d": "QGE"
          },
          {
            "d": "FQG"
          },
          {
            "d": "UWO"
          },
          {
            "d": "OCLCA"
          },
          {
            "d": "OCL"
          },
          {
            "d": "UIN"
          },
          {
            "d": "OCL"
          },
          {
            "d": "IL4J6"
          }
        ]
      }
    },
    {
      "016": {
        "ind1": "\\",
        "ind2": "\\",
        "subfields": [
          {
            "a": "(AMICUS)000001108270"
          }
        ]
      }
    },
    {
      "019": {
        "ind1": "\\",
        "ind2": "\\",
        "subfields": [
          {
            "a": "1277095694"
          }
        ]
      }
    },
    {
      "020": {
        "ind1": "\\",
        "ind2": "\\",
        "subfields": [
          {
            "a": "0912882107"
          }
        ]
      }
    },
    {
      "020": {
        "ind1": "\\",
        "ind2": "\\",
        "subfields": [
          {
            "a": "9780912882109"
          }
        ]
      }
    },
    {
      "020": {
        "ind1": "\\",
        "ind2": "\\",
        "subfields": [
          {
            "a": "0912882115"
          },
          {
            "q": "(pbk.)"
          }
        ]
      }
    },
    {
      "020": {
        "ind1": "\\",
        "ind2": "\\",
        "subfields": [
          {
            "a": "9780912882116"
          },
          {
            "q": "(pbk.)"
          }
        ]
      }
    },
    {
      "020": {
        "ind1": "\\",
        "ind2": "\\",
        "subfields": [
          {
            "z": "0912822115"
          }
        ]
      }
    },
    {
      "035": {
        "ind1": "\\",
        "ind2": "\\",
        "subfields": [
          {
            "a": "(OCoLC)1055678"
          },
          {
            "z": "(OCoLC)1277095694"
          }
        ]
      }
    },
    {
      "037": {
        "ind1": "\\",
        "ind2": "\\",
        "subfields": [
          {
            "c": "{dollar}8.95."
          }
        ]
      }
    },
    {
      "043": {
        "ind1": "\\",
        "ind2": "\\",
        "subfields": [
          {
            "a": "n-us-ny"
          },
          {
            "a": "n-us-nj"
          }
        ]
      }
    },
    {
      "045": {
        "ind1": "\\",
        "ind2": "\\",
        "subfields": [
          {
            "a": "v8w5"
          }
        ]
      }
    },
    {
      "050": {
        "ind1": "0",
        "ind2": "0",
        "subfields": [
          {
            "a": "PS2085"
          },
          {
            "b": ".M9"
          }
        ]
      }
    },
    {
      "082": {
        "ind1": "0",
        "ind2": "4",
        "subfields": [
          {
            "a": "818.209"
          },
          {
            "b": "MYE"
          }
        ]
      }
    },
    {
      "100": {
        "ind1": "1",
        "ind2": "\\",
        "subfields": [
          {
            "a": "Myers, Andrew B."
          }
        ]
      }
    },
    {
      "245": {
        "ind1": "1",
        "ind2": "4",
        "subfields": [
          {
            "a": "The worlds of Washington Irving, 1783-1859 :"
          },
          {
            "b": "from an exhibition of rare book and manuscript materials in the special collections of the New York Public Library /"
          },
          {
            "c": "Selected and annotated by Andrew B. Myers."
          }
        ]
      }
    },
    {
      "260": {
        "ind1": "\\",
        "ind2": "\\",
        "subfields": [
          {
            "a": "Tarrytown, N.Y. :"
          },
          {
            "b": "Sleepy Hollow Restorations,"
          },
          {
            "c": "[1974]"
          }
        ]
      }
    },
    {
      "300": {
        "ind1": "\\",
        "ind2": "\\",
        "subfields": [
          {
            "a": "ix, 134 pages :"
          },
          {
            "b": "illustrations ;"
          },
          {
            "c": "24 cm"
          }
        ]
      }
    },
    {
      "336": {
        "ind1": "\\",
        "ind2": "\\",
        "subfields": [
          {
            "a": "text"
          },
          {
            "b": "txt"
          },
          {
            "2": "rdacontent"
          }
        ]
      }
    },
    {
      "337": {
        "ind1": "\\",
        "ind2": "\\",
        "subfields": [
          {
            "a": "unmediated"
          },
          {
            "b": "n"
          },
          {
            "2": "rdamedia"
          }
        ]
      }
    },
    {
      "338": {
        "ind1": "\\",
        "ind2": "\\",
        "subfields": [
          {
            "a": "volume"
          },
          {
            "b": "nc"
          },
          {
            "2": "rdacarrier"
          }
        ]
      }
    },
    {
      "530": {
        "ind1": "\\",
        "ind2": "\\",
        "subfields": [
          {
            "a": "Also issued online."
          }
        ]
      }
    },
    {
      "600": {
        "ind1": "1",
        "ind2": "0",
        "subfields": [
          {
            "a": "Irving, Washington,"
          },
          {
            "d": "1783-1859"
          },
          {
            "v": "Bibliography"
          },
          {
            "v": "Exhibitions."
          }
        ]
      }
    },
    {
      "600": {
        "ind1": "1",
        "ind2": "0",
        "subfields": [
          {
            "a": "Irving, Washington,"
          },
          {
            "d": "1783-1859"
          },
          {
            "x": "Manuscripts"
          },
          {
            "v": "Exhibitions."
          }
        ]
      }
    },
    {
      "650": {
        "ind1": "\\",
        "ind2": "0",
        "subfields": [
          {
            "a": "Rare books"
          },
          {
            "z": "New York (State)"
          },
          {
            "z": "New York"
          },
          {
            "v": "Bibliography"
          },
          {
            "v": "Exhibitions."
          }
        ]
      }
    },
    {
      "650": {
        "ind1": "\\",
        "ind2": "0",
        "subfields": [
          {
            "a": "Manuscripts, American"
          },
          {
            "z": "New York (State)"
          },
          {
            "z": "New York"
          },
          {
            "v": "Exhibitions."
          }
        ]
      }
    },
    {
      "651": {
        "ind1": "\\",
        "ind2": "0",
        "subfields": [
          {
            "a": "Hudson River Valley (N.Y. and N.J.)"
          },
          {
            "v": "Bibliography"
          },
          {
            "v": "Exhibitions."
          }
        ]
      }
    },
    {
      "650": {
        "ind1": "\\",
        "ind2": "0",
        "subfields": [
          {
            "a": "Travelers' writings, American"
          },
          {
            "v": "Bibliography"
          },
          {
            "v": "Exhibitions."
          }
        ]
      }
    },
    {
      "650": {
        "ind1": "\\",
        "ind2": "0",
        "subfields": [
          {
            "a": "Fantasy fiction, American"
          },
          {
            "v": "Bibliography"
          },
          {
            "v": "Exhibitions."
          }
        ]
      }
    },
    {
      "600": {
        "ind1": "1",
        "ind2": "7",
        "subfields": [
          {
            "a": "Irving, Washington,"
          },
          {
            "d": "1783-1859."
          },
          {
            "2": "fast"
          },
          {
            "0": "(OCoLC)fst00030025"
          }
        ]
      }
    },
    {
      "650": {
        "ind1": "\\",
        "ind2": "7",
        "subfields": [
          {
            "a": "Fantasy fiction, American."
          },
          {
            "2": "fast"
          },
          {
            "0": "(OCoLC)fst00920725"
          }
        ]
      }
    },
    {
      "650": {
        "ind1": "\\",
        "ind2": "7",
        "subfields": [
          {
            "a": "Manuscripts."
          },
          {
            "2": "fast"
          },
          {
            "0": "(OCoLC)fst01008230"
          }
        ]
      }
    },
    {
      "650": {
        "ind1": "\\",
        "ind2": "7",
        "subfields": [
          {
            "a": "Manuscripts, American."
          },
          {
            "2": "fast"
          },
          {
            "0": "(OCoLC)fst01008270"
          }
        ]
      }
    },
    {
      "650": {
        "ind1": "\\",
        "ind2": "7",
        "subfields": [
          {
            "a": "Rare books."
          },
          {
            "2": "fast"
          },
          {
            "0": "(OCoLC)fst01090104"
          }
        ]
      }
    },
    {
      "650": {
        "ind1": "\\",
        "ind2": "7",
        "subfields": [
          {
            "a": "Travelers' writings, American."
          },
          {
            "2": "fast"
          },
          {
            "0": "(OCoLC)fst01155721"
          }
        ]
      }
    },
    {
      "651": {
        "ind1": "\\",
        "ind2": "7",
        "subfields": [
          {
            "a": "New York (State)"
          },
          {
            "z": "New York."
          },
          {
            "2": "fast"
          },
          {
            "0": "(OCoLC)fst01204333"
          }
        ]
      }
    },
    {
      "651": {
        "ind1": "\\",
        "ind2": "7",
        "subfields": [
          {
            "a": "United States"
          },
          {
            "z": "Hudson River Valley."
          },
          {
            "2": "fast"
          },
          {
            "0": "(OCoLC)fst01311280"
          }
        ]
      }
    },
    {
      "653": {
        "ind1": "\\",
        "ind2": "0",
        "subfields": [
          {
            "a": "Fantasy fiction, American"
          },
          {
            "a": "Bibliography"
          },
          {
            "a": "Exhibitions"
          }
        ]
      }
    },
    {
      "653": {
        "ind1": "\\",
        "ind2": "0",
        "subfields": [
          {
            "a": "Hudson River Valley (N.Y. and N.J.)"
          },
          {
            "a": "Bibliography"
          },
          {
            "a": "Exhibitions"
          }
        ]
      }
    },
    {
      "653": {
        "ind1": "\\",
        "ind2": "0",
        "subfields": [
          {
            "a": "Irving, Washington"
          },
          {
            "a": "1783-1859"
          },
          {
            "a": "Bibliography"
          },
          {
            "a": "Exhibitions"
          }
        ]
      }
    },
    {
      "653": {
        "ind1": "\\",
        "ind2": "0",
        "subfields": [
          {
            "a": "Irving, Washington"
          },
          {
            "a": "1783-1859"
          },
          {
            "a": "Manuscripts"
          },
          {
            "a": "Exhibitions"
          }
        ]
      }
    },
    {
      "653": {
        "ind1": "\\",
        "ind2": "0",
        "subfields": [
          {
            "a": "Manuscripts, American"
          },
          {
            "a": "New York (State)"
          },
          {
            "a": "New York"
          },
          {
            "a": "Exhibitions"
          }
        ]
      }
    },
    {
      "653": {
        "ind1": "\\",
        "ind2": "0",
        "subfields": [
          {
            "a": "Rare books"
          },
          {
            "a": "New York (State)"
          },
          {
            "a": "New York"
          },
          {
            "a": "Bibliography"
          },
          {
            "a": "Exhibitions"
          }
        ]
      }
    },
    {
      "653": {
        "ind1": "\\",
        "ind2": "0",
        "subfields": [
          {
            "a": "Travelers' writings, American"
          },
          {
            "a": "Bibliography"
          },
          {
            "a": "Exhibitions"
          }
        ]
      }
    },
    {
      "655": {
        "ind1": "\\",
        "ind2": "7",
        "subfields": [
          {
            "a": "Bibliographies."
          },
          {
            "2": "fast"
          },
          {
            "0": "(OCoLC)fst01919895"
          }
        ]
      }
    },
    {
      "655": {
        "ind1": "\\",
        "ind2": "7",
        "subfields": [
          {
            "a": "Exhibition catalogs."
          },
          {
            "2": "fast"
          },
          {
            "0": "(OCoLC)fst01424028"
          }
        ]
      }
    },
    {
      "700": {
        "ind1": "1",
        "ind2": "\\",
        "subfields": [
          {
            "a": "Irving, Washington,"
          },
          {
            "d": "1783-1859."
          }
        ]
      }
    },
    {
      "710": {
        "ind1": "2",
        "ind2": "\\",
        "subfields": [
          {
            "a": "New York Public Library."
          }
        ]
      }
    },
    {
      "776": {
        "ind1": "0",
        "ind2": "8",
        "subfields": [
          {
            "i": "Online version:"
          },
          {
            "a": "Myers, Andrew B."
          },
          {
            "t": "Worlds of Washington Irving, 1783-1859."
          },
          {
            "d": "Tarrytown, N.Y., Sleepy Hollow Restorations [1974]"
          },
          {
            "w": "(OCoLC)613047598"
          }
        ]
      }
    },
    {
      "994": {
        "ind1": "\\",
        "ind2": "\\",
        "subfields": [
          {
            "a": "Z0"
          },
          {
            "b": "NYRVC"
          }
        ]
      }
    },
    {
      "948": {
        "ind1": "\\",
        "ind2": "\\",
        "subfields": [
          {
            "h": "NO HOLDINGS IN NYRVC - 397 OTHER HOLDINGS"
          }
        ]
      }
    },
    {
      "999": {
        "ind1": "\\",
        "ind2": "\\",
        "subfields": [
          {
            "a": "00000000016686"
          }
        ]
      }
    }
  ]
}